@article{DasSarma:2012,
	author = {Das Sarma, Anish and Fang, Lujun and Gupta, Nitin and Halevy, Alon and Lee, Hongrae and Wu, Fei and Xin, Reynold and Yu, Cong},
	title = {Finding Related Tables},
	booktitle = {Proceedings of the 2012 ACM SIGMOD International Conference on Management of Data},
	journal = {{SIGMOD}},
	year = {2012},
        pages = {817--828}
} 
